@Book{Beck,
  author = "Kent Beck",
  title = "Test-driven Development: By Example",
  publisher = "Addison-Wesley",
  year = 2002,
  isbn = "978-03211-46533"
}

@manual{AntlrDoc,
  title = "\uppercase{ANTLR} v3 Documentation",
  month = "January",
  year = 2012,
  note = "Online:\\ \url{http://www.antlr.org/wiki/display/ANTLR3/ANTLR+v3+documentation}"
}

@Book{Lutz,
  author = "Mark Lutz",
  title = "Python. Wprowadzenie. Wydanie IV",
  publisher = "Helion",
  year = 2010,
  isbn = "978-83-246-2694-6"
}

@Book{Patterns,
  author = "Erich Gamma and Richard Helm and Ralph Johnson and John Vlissides",
  title = "\\Wzorce Projektowe",
  publisher = "WNT",
  year = 2005,
  isbn = "978-83-204-3472-9"
}

@Book{ASPMVC,
  author = "Adam Freeman and Steven Sanderson",
  title = "\\Pro ASP.NET MVC 3 Framework",
  publisher = "Apress",
  year = 2011,
  isbn = "978-1-4302-3404-3"
}

@manual{JSON,
  title = "\uppercase{JSON} Documentation",
  month = "January",
  year = 2012,
  note = "Online:\\ \url{http://www.json.org/}"
}